@article{rafael2009,
  Author = {Rafael Richa Teixeira Ananias},
  Title = {Estudo comparativo entre ferramentas de Gerência de Requisitos},
  Year = {2009},
  Address = {Universidade Federal de Pernambuco},
 }

 @article{mct2006,
  Author = {Ministério da Ciência e Tecnologia},
  Title = {Qualificação CMM e CMMI no Brasil},
  Year = {2006},
  Address = {Ministério da Ciência e Tecnologia},
 }

 @article{francis2012,
  Author = {Juliana de Fátima Fransiscani and Ligia Cristina Pestili},
  Title = {CMMI e MPS.BR: Um Estudo Comparativo},
  Year = {2012},
 }

 @article{softexmps,
  Author = {SOFTEX},
  Title = {MPS.BR - Melhoria de Processo do Software Brasileiro},
  Year = {2016},
 }

 @article{periardej,
  Author = {Gustavo Periard},
  Title = {Empresa Júnior – O Que é e Como Funciona},
  Year = {n.d}
 }

@misc{standishgroup,
  Author = {Standish Group},
  Title = {CHAOS Report},
  Year = {1994}
}
